@inproceedings{Chen_2016,
  title = {{{XGBoost}}: A Scalable Tree Boosting System},
  booktitle = {Proceedings of the 22nd {{ACM SIGKDD}} International Conference on Knowledge Discovery and Data Mining},
  author = {Chen, Tianqi and Guestrin, Carlos},
  date = {2016-08},
  series = {Kdd ’16},
  pages = {785--794},
  publisher = {ACM},
  doi = {10.1145/2939672.2939785},
  url = {http://dx.doi.org/10.1145/2939672.2939785}
}

@online{OntologyDocumentationGenerated,
  title = {Ontology {{Documentation}} Generated by {{WIDOCO}}},
  url = {https://auroral.iot.linkeddata.es/def/electrical-vehicle/#https://auroral.iot.linkeddata.es/def/adapters#EnergyProperty},
  urldate = {2025-05-01},
  file = {/Users/jakubzika/Zotero/storage/VK4PC2UI/electrical-vehicle.html}
}

@misc{paszke2019pytorchimperativestylehighperformance,
  title = {{{PyTorch}}: {{An}} Imperative Style, High-Performance Deep Learning Library},
  author = {Paszke, Adam and Gross, Sam and Massa, Francisco and Lerer, Adam and Bradbury, James and Chanan, Gregory and Killeen, Trevor and Lin, Zeming and Gimelshein, Natalia and Antiga, Luca and Desmaison, Alban and Köpf, Andreas and Yang, Edward and DeVito, Zach and Raison, Martin and Tejani, Alykhan and Chilamkurthy, Sasank and Steiner, Benoit and Fang, Lu and Bai, Junjie and Chintala, Soumith},
  date = {2019},
  eprint = {1912.01703},
  eprinttype = {arXiv},
  eprintclass = {cs.LG},
  url = {https://arxiv.org/abs/1912.01703}
}

@article{scikit-learn,
  title = {Scikit-Learn: {{Machine}} Learning in {{Python}}},
  author = {Pedregosa, F. and Varoquaux, G. and Gramfort, A. and Michel, V. and Thirion, B. and Grisel, O. and Blondel, M. and Prettenhofer, P. and Weiss, R. and Dubourg, V. and Vanderplas, J. and Passos, A. and Cournapeau, D. and Brucher, M. and Perrot, M. and Duchesnay, E.},
  date = {2011},
  journaltitle = {Journal of Machine Learning Research},
  volume = {12},
  pages = {2825--2830}
}
