@article{alvarezMATSimModelMethodology2024,
  title = {A {{MATSim}} Model Methodology to Generate Cycling-Focused Transport Scenarios in {{England}}},
  author = {Alvarez, Castro and Ford, A. and James, P. and Palacin, R. and Ziemke, D.},
  date = {2024},
  journaltitle = {Journal of Urban Mobility},
  publisher = {Newcastle University},
  doi = {10.1016/j.urbmob.2024.100078},
  url = {https://eprints.ncl.ac.uk},
  urldate = {2025-02-11},
  langid = {english},
  file = {/Users/jakubzika/Zotero/storage/IJB8D5KY/Alvarez et al. - 2024 - A MATSim model methodology to generate cycling-focused transport scenarios in England.pdf}
}

@online{AMOSMetacity2022,
  title = {{{AMOS}} | {{Metacity}}},
  date = {2022-11-03},
  url = {https://docs.metacity.cc/metacity/archives/amos},
  urldate = {2025-02-11},
  abstract = {Collaboration project with Prague city.},
  langid = {english},
  file = {/Users/jakubzika/Zotero/storage/3TRG5RVV/amos.html}
}

@unpublished{Batsim,
  title = {Batsim},
  file = {/Users/jakubzika/Zotero/storage/6XRP3R2V/Shone_MUM_2023.pdf}
}

@article{bischoffIntegratingExplicitParking2017,
  title = {Integrating Explicit Parking Search into a Transport Simulation},
  author = {Bischoff, Joschka and Nagel, Kai},
  date = {2017-12-31},
  journaltitle = {Procedia Computer Science},
  shortjournal = {Procedia Computer Science},
  volume = {109},
  pages = {881--886},
  doi = {10.1016/j.procs.2017.05.414},
  abstract = {Explicit parking search is not widely integrated into transport simulation and transport models. In this paper, the integration of a parking search simulation into MATSim (Multi-Agent Transport Simulation) is demonstrated. This includes the integration into the agent's simulation logic using within-day re-planning methodology, a separation up of car trips into several segments for each stage of the trip, a parking search behavior and a data structure for parking infrastructure. The parking search model is applied in a case study for an area in Berlin, Germany. Compared to a standard simulation without parking search, results suggests that parking search traffic sums up to 20 per cent of the overall traffic in a residential area and has a significant impact on the overall travel times of agents traveling by car.}
}

@article{callcutDigitalTwinsCivil2021,
  title = {Digital {{Twins}} in {{Civil Infrastructure Systems}}},
  author = {Callcut, Matthew and Cerceau Agliozzo, Jean-Paul and Varga, Liz and McMillan, Lauren},
  date = {2021-01},
  journaltitle = {Sustainability},
  volume = {13},
  number = {20},
  pages = {11549},
  publisher = {Multidisciplinary Digital Publishing Institute},
  issn = {2071-1050},
  doi = {10.3390/su132011549},
  url = {https://www.mdpi.com/2071-1050/13/20/11549},
  urldate = {2025-02-13},
  abstract = {This research explores the existing definitions, concepts and applications surrounding the efficient implementation and use of digital twins (DTs) within civil infrastructure systems (CISs). The CISs within the scope of this research are as follows: transportation, energy, telecommunications, water and waste, as well as Smart Cities, which encompasses all of the previous. The research methodology consists of a review of current literature, a series of semi-structured interviews and a detailed survey. The outcome of this work is a refined definition of DTs within CISs, in addition to a set of recommendations for both future academic research and industry best practice.},
  issue = {20},
  langid = {english},
  keywords = {digital model,digital twin,infrastructure systems},
  file = {/Users/jakubzika/Zotero/storage/3QN5LCNC/Callcut et al. - 2021 - Digital Twins in Civil Infrastructure Systems.pdf}
}

@online{DataSpecificationMetacity2022,
  title = {Data {{Specification}} | {{Metacity}}},
  date = {2022-08-09},
  url = {https://docs.metacity.cc/metacity/archives/amos/synthetic-population/data-specification},
  urldate = {2025-02-11},
  abstract = {Definition and preprocessing of available and necessary data to create a synthetic population.},
  langid = {english},
  file = {/Users/jakubzika/Zotero/storage/6IJKMXKD/data-specification.html}
}

@software{EqasimorgSynpp2024,
  title = {Eqasim-Org/Synpp},
  date = {2024-09-09T12:43:42Z},
  origdate = {2019-12-03T17:33:56Z},
  url = {https://github.com/eqasim-org/synpp},
  urldate = {2025-02-13},
  abstract = {Synthetic population pipeline code for eqasim},
  organization = {eqasim-org},
  keywords = {automation,dependency,management,pipeline,population,synthetic,transport}
}

@unpublished{MetacityDynamickaData,
  title = {Metacity + Dynamická Data},
  url = {https://docs.google.com/presentation/d/13ulGvvYhA5TNGMs1_uOKA6vKP0asr-MzmoM4QYaisPQ},
  urldate = {2025-02-11},
  file = {/Users/jakubzika/Zotero/storage/WBPLQTC5/Metacity + dynamická data.pdf}
}

@unpublished{MetacityDynamickaDataa,
  title = {Metacity + Dynamická Data},
  url = {https://docs.google.com/presentation/d/13ulGvvYhA5TNGMs1_uOKA6vKP0asr-MzmoM4QYaisPQ},
  urldate = {2025-02-26},
  file = {/Users/jakubzika/Zotero/storage/LWA5LWKT/Metacity + dynamická data.pdf}
}

@online{PDFModellingActivity2025,
  title = {({{PDF}}) {{Modelling Activity Scheduling Behaviour}} with {{Deep Generative Machine Learning}}},
  date = {2025-01-22},
  doi = {10.48550/arXiv.2501.10221},
  url = {https://www.researchgate.net/publication/388180302_Modelling_Activity_Scheduling_Behaviour_with_Deep_Generative_Machine_Learning},
  urldate = {2025-02-11},
  abstract = {PDF | We model human activity scheduling behaviour using a deep generative machine learning approach. Activity schedules, which represent the activities... | Find, read and cite all the research you need on ResearchGate},
  langid = {english},
  organization = {ResearchGate},
  file = {/Users/jakubzika/Zotero/storage/GVJ3X8MC/388180302_Modelling_Activity_Scheduling_Behaviour_with_Deep_Generative_Machine_Learning.html}
}

@online{VirtualizacePrahy3D,
  title = {Virtualizace Prahy a 3D datový model},
  url = {https://www.smartprague.eu/projekty/virtualizace-prahy-a-3d-datovy-model},
  urldate = {2025-02-13},
  abstract = {Podnětem pro vznik systému Virtualizace Prahy byla skutečnost, že Praha v současné době nedisponuje nástrojem pro práci s prostorovými daty v rozšířené realitě, která by poskytla přehlednou vizualizaci simulací a predikcí dějů ve 3D. V kontextu Smart Prague se jedná o klíčový prvek, který umožňuje integrovaný manažerský pohled na území, zpřehledňuje práci s komplexními datovými vstupy a umožňuje rozhodovat na základě přehledně zpracovaných dat. Cílem projektu bylo kromě vytvoření virtuálního dvojčete Prahy osadit tento systém pilotními daty o environmentálních a dopravních podmínkách v Praze. Systém Virtualizace Prahy byl vyvíjen ve spolupráci se zástupci předních českých výzkumných institucí. Společnost Operátor ICT spolupracuje při vývoji systému s Českým institutem informatiky, robotiky a kybernetiky. Jedná se o jeden z hlavních projektů vzájemné spolupráce tohoto předního světového institutu se společností Operátor ICT. Systém virtualizace Prahy tak navázal na výzkumný projekt ERC AI4REASON Artrificial Intelligence for Large-Scale Computer-Assisted Reasoning, do jehož řešení je Český institut informatiky robotiky a kybernetiky zapojen. Dalšími akademickými partnery projektu byly Ústav informatiky Akademie věd a Fakulta dopravní Českého vysokého učení technického. Kromě akademického sektoru na systému Virtualizace Prahy spolupracovaly také další městské společnosti a příspěvkové organizace hlavního města Prahy. Při vývoji klíčových složek virtuálního systému dala Praha příležitost startupu grey dot, který na pražské scéně sdružuje mladé nadšence a odborníky na technologii augmentované (rozšířené) reality. Systém Virtualizace Prahy poskytuje nástroj pro efektivnější řízení hlavního města v mnoha oblastech čítající například: Šíření nebezpečných látek Záplavy a šíření povodňové vlny Modelování a optimalizace dopravy Modelování vlivu urbanistického rozvoje Proudění vzduchu a emisí, provětrávání Evakuační a únikové trasy Dopady šíření hluku Dostupnost objektů výškovou technikou Cenové mapy a heat modelování Prahy Modelování environmentálních změn a jejich vlivu na občany Zobrazení real-time senzorických dat aj. ~ ~ ~ Systém Virtualizace Prahy umožňuje:~ Prostorové analýzy událostí – zpětná analýza a současný pohled na událost z mnoha pozorovacích úhlů.~ Zobrazovat hmotové a funkční varianty stavebních a rozvojových záměrů v kontextu okolní zástavby; vizualizovat dopady těchto záměrů na okolí z hlediska dopravy, životního prostředí, či chování lidí v prostoru. Vizualizovat predikční modely vytvořené na základě analýzy, podle souboru historických dat. Vizualizovat požadovaná modelová řešení určitých situací na základě změny zvoleného parametru. Modelaci šíření různých aktivit v dané oblasti a to především ve variantě „real - time“. Prostorově časové modelace při spolupráci několika řídících subjektů a bezpečnostních složek zejména pro krizové situace. ~ Zpráva o ukončení pilotního projektu a získaných poznatcích je k dispozici zde. ~ ~ Přínos Podpora analýz dopadů urbanizačních strategií Možnost analyzovat každodenní život města, reagovat na aktuální potřeby nebo krizové situace (povodně, únik z daného území a další) Efektivní spolupráce několika řídících subjektů a bezpečnostních složek díky prostorové a časové modelaci ~ Využití~ Magistrát hl. m. Prahy a příspěvkové organizace hl. m. Prahy Akademické prostředí Městské části hl. m. Prahy ~ Tým Operátor ICT, a.s. - manažer projektu Magistrát hl. m. Prahy Český institut informatiky, robotiky a kybernetiky Ústav informatiky Akademie věd Dopravní fakulta ČVUT Katedra počítačové grafiky a interakce Elektrotechnické fakulty ČVUT ~ Projekt je součástí},
  langid = {czech},
  organization = {SmartPrague},
  file = {/Users/jakubzika/Zotero/storage/GEQBDHKF/virtualizace-prahy-a-3d-datovy-model.html}
}

@online{whitneyActivityTripBased2019,
  title = {Activity \& {{Trip Based Travel Models}}},
  author = {Whitney, Violet},
  date = {2019-09-29T17:30:43},
  url = {https://medium.com/data-mining-the-city/activity-trip-based-travel-models-e4833571570},
  urldate = {2025-02-11},
  abstract = {The following is summarized from “Activity Based Travel Demand Models” to give students an overview.},
  langid = {english},
  organization = {Medium},
  file = {/Users/jakubzika/Zotero/storage/PITV7WI4/activity-trip-based-travel-models-e4833571570.html}
}
